<?xml version="1.0" encoding="UTF-8"?><record xmlns="http://www.loc.gov/MARC21/slim" xmlns:cinclude="http://apache.org/cocoon/include/1.0" xmlns:zs="http://www.loc.gov/zing/srw/">
  <leader>00419nz  a2200133n  4500</leader>
  <controlfield tag="001">nb2003019844</controlfield>
  <controlfield tag="003">DLC</controlfield>
  <controlfield tag="005">20030211052209.0</controlfield>
  <controlfield tag="008">030210n| acannaabn          |a aaa      </controlfield>
  <datafield tag="010" ind1=" " ind2=" ">
    <subfield code="a">nb2003019844</subfield>
  </datafield>
  <datafield tag="040" ind1=" " ind2=" ">
    <subfield code="a">Uk</subfield>
    <subfield code="b">eng</subfield>
    <subfield code="c">Uk</subfield>
  </datafield>
  <datafield tag="100" ind1="1" ind2=" ">
    <subfield code="a">Heynneman, Ron,</subfield>
    <subfield code="d">1930-</subfield>
  </datafield>
  <datafield tag="400" ind1="1" ind2=" ">
    <subfield code="a">Heynneman, W. Ronald,</subfield>
    <subfield code="d">1930-</subfield>
  </datafield>
  <datafield tag="670" ind1=" " ind2=" ">
    <subfield code="a">Ibu Maluku, 2002:</subfield>
    <subfield code="b">t.p. (Ron Heynneman) p.ii (W. Ronald Heynneman) verso, Aus. CIP (hdg.: Heynneman, Ron, 1930-)</subfield>
  </datafield>
</record>